<?xml version="1.0" encoding="UTF-8"?><collection xmlns="http://www.loc.gov/MARC21/slim"><record><leader>00510nam--2200193-i-4500</leader><controlfield tag="001">000028474</controlfield><controlfield tag="002">20161230</controlfield><controlfield tag="005">20161230201037</controlfield><controlfield tag="008">060222s1000------------r-----000-0-rum-d</controlfield><datafield ind1=" " ind2=" " tag="040"><subfield code="a">IFIN-HH</subfield></datafield><datafield ind1=" " ind2=" " tag="041"><subfield code="a">rum</subfield></datafield><datafield ind1=" " ind2=" " tag="080"><subfield code="a">519.2</subfield></datafield><datafield ind1="1" ind2=" " tag="100"><subfield code="a">Leonte, Aristide</subfield></datafield><datafield ind1="1" ind2="0" tag="245"><subfield code="a">Clasic si actual in calculul probabilitatilor</subfield><subfield code="c">Aristide Leonte ; Rodica Trandafir</subfield></datafield><datafield ind1=" " ind2=" " tag="260"><subfield code="a">Cluj, Editura Dacia, 1974</subfield></datafield><datafield ind1=" " ind2=" " tag="300"><subfield code="a">310P</subfield></datafield><datafield ind1="1" ind2=" " tag="700"><subfield code="a">Trandafir, Rodica</subfield></datafield><datafield ind1=" " ind2=" " tag="852"><subfield code="a">79690</subfield><subfield code="c">519.2</subfield></datafield><datafield ind1=" " ind2=" " tag="CAT"><subfield code="a">Sys</subfield><subfield code="c">20100621</subfield><subfield code="h">084010</subfield></datafield></record></collection>